<record><leader>00000cas a22000007a 4500</leader><controlfield tag="001">22448051</controlfield><controlfield tag="008">900928d19161924maudn ne      0    0eng d</controlfield><datafield ind1=" " ind2=" " tag="010"><subfield code="a">sn 89062492 </subfield></datafield><datafield ind1=" " ind2=" " tag="040"><subfield code="a">MGN</subfield><subfield code="b">eng</subfield><subfield code="c">MGN</subfield><subfield code="d">OCLCQ</subfield></datafield><datafield ind1=" " ind2=" " tag="042"><subfield code="a">msc</subfield></datafield><datafield ind1="0" ind2="4" tag="245"><subfield code="a">The Quincy patriot Quincy daily ledger.</subfield></datafield><datafield ind1="1" ind2="7" tag="246"><subfield code="a">Quincy patriot-ledger</subfield></datafield><datafield ind1=" " ind2=" " tag="260"><subfield code="a">Quincy, Mass. :</subfield><subfield code="b">George W. Prescott Pub. Co.</subfield></datafield><datafield ind1=" " ind2=" " tag="300"><subfield code="a">v.</subfield></datafield><datafield ind1=" " ind2=" " tag="310"><subfield code="a">Daily (except Sun.)</subfield></datafield><datafield ind1="0" ind2=" " tag="362"><subfield code="a">Vol. 80, no. 1 (Jan. 1, 1916)-v. 88, no. 161 (July 12, 1924).</subfield></datafield><datafield ind1=" " ind2=" " tag="752"><subfield code="a">United States</subfield><subfield code="b">Massachusetts</subfield><subfield code="c">Norfolk</subfield><subfield code="d">Quincy.</subfield></datafield><datafield ind1="0" ind2="4" tag="780"><subfield code="t">Quincy patriot</subfield><subfield code="w">(DLC)sn 83020901</subfield></datafield><datafield ind1="0" ind2="4" tag="780"><subfield code="t">Quincy daily ledger</subfield><subfield code="w">(DLC)sn 89062491</subfield></datafield><datafield ind1="0" ind2="0" tag="785"><subfield code="t">Quincy patriot ledger</subfield><subfield code="w">(DLC)sn 89062493</subfield></datafield></record>